<?xml version="1.0" encoding="UTF-8"?><collection xmlns="http://www.loc.gov/MARC21/slim"><record><leader>00364nam--2200121-i-4500</leader><controlfield tag="001">000025526</controlfield><controlfield tag="002">20161230</controlfield><controlfield tag="005">20161230201036</controlfield><controlfield tag="008">060222s1000------------r-----000-0-eng-d</controlfield><datafield ind1=" " ind2=" " tag="100"><subfield code="a">Judd, M.D.And Pope, M.I</subfield></datafield><datafield ind1=" " ind2=" " tag="245"><subfield code="a">Differential thermal analysis. a guide to the technique and its applications</subfield></datafield><datafield ind1=" " ind2=" " tag="260"><subfield code="a">London, Hayden &amp; Son Ltd., 1977, Vii + 197p</subfield></datafield><datafield ind1=" " ind2=" " tag="852"><subfield code="a">45931</subfield></datafield></record></collection>